<record><leader>02041cam a22005538i 4500</leader><controlfield tag="001">6797128</controlfield><controlfield tag="003">OCoLC</controlfield><controlfield tag="005">20150130120505.0</controlfield><controlfield tag="006">m     o  d        </controlfield><controlfield tag="007">cr |||</controlfield><controlfield tag="008">140815s2015    nju     ob    000 0deng  </controlfield><datafield ind1=" " ind2=" " tag="010"><subfield code="a">  2014033021</subfield></datafield><datafield ind1=" " ind2=" " tag="020"><subfield code="a">9781118299210</subfield><subfield code="q">electronic bk.</subfield></datafield><datafield ind1=" " ind2=" " tag="020"><subfield code="a">1118299213</subfield><subfield code="q">electronic bk.</subfield></datafield><datafield ind1=" " ind2=" " tag="020"><subfield code="a">9781118299197 (pdf)</subfield></datafield><datafield ind1=" " ind2=" " tag="020"><subfield code="a">1118299191 (pdf)</subfield></datafield><datafield ind1=" " ind2=" " tag="020"><subfield code="a">9781118299203 (epub)</subfield></datafield><datafield ind1=" " ind2=" " tag="020"><subfield code="a">1118299205 (epub)</subfield></datafield><datafield ind1=" " ind2=" " tag="020"><subfield code="z">9781118298763 (hardcover)</subfield></datafield><datafield ind1=" " ind2=" " tag="035"><subfield code="a">ocn887606528</subfield></datafield><datafield ind1=" " ind2=" " tag="039"><subfield code="a">exclude</subfield></datafield><datafield ind1=" " ind2=" " tag="040"><subfield code="a">DLC</subfield><subfield code="b">eng</subfield><subfield code="e">rda</subfield><subfield code="c">DLC</subfield><subfield code="d">OCLCO</subfield><subfield code="d">DG1</subfield><subfield code="d">YDXCP</subfield><subfield code="d">AEU</subfield></datafield><datafield ind1=" " ind2=" " tag="042"><subfield code="a">pcc</subfield></datafield><datafield ind1=" " ind2=" " tag="043"><subfield code="a">e-uk---</subfield></datafield><datafield ind1="1" ind2="0" tag="050"><subfield code="a">PR6045.O72</subfield></datafield><datafield ind1="0" ind2="0" tag="082"><subfield code="a">824/.912</subfield><subfield code="2">23</subfield></datafield><datafield ind1=" " ind2=" " tag="090"><subfield code="a">Internet Access</subfield><subfield code="b">AEU</subfield></datafield><datafield ind1="1" ind2=" " tag="100"><subfield code="a">Woolf, Virginia,</subfield><subfield code="d">1882-1941.</subfield></datafield><datafield ind1="1" ind2="2" tag="245"><subfield code="a">A room of one's own /</subfield><subfield code="c">Virginia Woolf ; edited by David Bradshaw and Stuart N. Clarke.</subfield></datafield><datafield ind1=" " ind2="1" tag="264"><subfield code="a">Hoboken :</subfield><subfield code="b">John Wiley and Sons, Inc.,</subfield><subfield code="c">2015.</subfield></datafield><datafield ind1=" " ind2=" " tag="300"><subfield code="a">1 online resource.</subfield></datafield><datafield ind1=" " ind2=" " tag="336"><subfield code="a">text</subfield><subfield code="2">rdacontent</subfield></datafield><datafield ind1=" " ind2=" " tag="337"><subfield code="a">computer</subfield><subfield code="2">rdamedia</subfield></datafield><datafield ind1=" " ind2=" " tag="338"><subfield code="a">online resource</subfield><subfield code="2">rdacarrier</subfield></datafield><datafield ind1=" " ind2=" " tag="504"><subfield code="a">Includes bibliographical references.</subfield></datafield><datafield ind1=" " ind2=" " tag="506"><subfield code="a">Access restricted to authorized users and institutions.</subfield></datafield><datafield ind1=" " ind2=" " tag="588"><subfield code="a">Description based on print version record and CIP data provided by publisher; resource not viewed.</subfield></datafield><datafield ind1=" " ind2=" " tag="596"><subfield code="a">44</subfield></datafield><datafield ind1="1" ind2="0" tag="600"><subfield code="a">Woolf, Virginia,</subfield><subfield code="d">1882-1941</subfield><subfield code="x">Authorship.</subfield></datafield><datafield ind1=" " ind2="0" tag="650"><subfield code="a">Literature</subfield><subfield code="x">Women authors</subfield><subfield code="x">History and criticism</subfield><subfield code="x">Theory, etc.</subfield></datafield><datafield ind1=" " ind2="0" tag="650"><subfield code="a">Women and literature</subfield><subfield code="z">Great Britain.</subfield></datafield><datafield ind1=" " ind2="0" tag="650"><subfield code="a">Women authors</subfield><subfield code="x">Economic conditions.</subfield></datafield><datafield ind1=" " ind2="0" tag="650"><subfield code="a">Women authors</subfield><subfield code="x">Social conditions.</subfield></datafield><datafield ind1=" " ind2="0" tag="650"><subfield code="a">Authorship</subfield><subfield code="x">Sex differences.</subfield></datafield><datafield ind1="1" ind2=" " tag="700"><subfield code="a">Bradshaw, David,</subfield><subfield code="d">1955-</subfield></datafield><datafield ind1="1" ind2=" " tag="700"><subfield code="a">Clarke, Stuart Nelson.</subfield></datafield><datafield ind1="4" ind2="0" tag="856"><subfield code="3">University of Alberta Access</subfield><subfield code="u">http://dx.doi.org/10.1002/9781118299210</subfield><subfield code="z">(Unlimited Concurrent Users)</subfield></datafield><datafield ind1=" " ind2=" " tag="949"><subfield code="h">UAIN</subfield><subfield code="z">WILEYOL</subfield></datafield><datafield ind1=" " ind2=" " tag="926"><subfield code="a">Internet Access</subfield><subfield code="w">LC</subfield><subfield code="c">1</subfield><subfield code="i">6797128-1001</subfield><subfield code="l">INTERNET</subfield><subfield code="m">UAINTERNET</subfield><subfield code="r">Y</subfield><subfield code="s">Y</subfield><subfield code="t">E-RESOURCE</subfield><subfield code="u">2/3/2015</subfield><subfield code="x">E-BOOK</subfield><subfield code="z">WILEYOL</subfield></datafield></record>